
@INPROCEEDINGS{1,
  author={O. {Schlesinger} and N. {Vigderhouse} and D. {Eytan} and Y. {Moshe}},
  booktitle={ICASSP 2020 - 2020 IEEE International Conference on Acoustics, Speech and Signal Processing (ICASSP)}, 
  title={Blood Pressure Estimation From PPG Signals Using Convolutional Neural Networks And Siamese Network}, 
  year={2020},
  volume={},
  number={},
  pages={1135-1139},
  doi={10.1109/ICASSP40776.2020.9053446}}
  

@article{2,
author = {Slapničar G, Mlakar N, Luštrek M.},
title = {Blood Pressure Estimation from Photoplethysmogram Using a Spectro-Temporal Deep Neural Network},
journal = {Sensors (Basel)},
year = {2019}
}

@book{3,
  Title={Non-Invasive Sphygmomanometers-Part 2: Clinical Investigation of Automated Measurement Type},
  year={2013},
  publisher={Association for the Advancement of Medical Instrumentation, Arlington, VA, 2013.}
}

@article{4,
Author="C. E. Evans, R. B. Haynes, C. H. Goldsmith, and S. A. Hewson",
Title="Home blood pressure-measuring devices: a comparative study of accuracy",
Journal="Journal of Hypertension",
Pages="133- 142",
Volume=7,
Year=1989
}
  
@misc{5,
  Title={D. Pendick, Some home blood pressure monitors aren’t accurate},
howpublished = "\url{https://www.health.harvard.edu/blog/home-blood-pressuremonitors-arent-accurate-201410297494}"
}


